<?xml version="1.0" encoding="UTF-8"?><collection><record><leader>07286ntm a2200721 a 4500</leader><controlfield tag="001">006796191</controlfield><controlfield tag="003">MiAaHDL</controlfield><controlfield tag="005">20190719000000.0</controlfield><controlfield tag="006">m        d        </controlfield><controlfield tag="007">cr bn ---auaua</controlfield><controlfield tag="008">090521q14751525af            00| ||ara d</controlfield><datafield tag="035" ind1=" " ind2=" "><subfield code="a">(MiU)006796191</subfield></datafield><datafield tag="035" ind1=" " ind2=" "><subfield code="a">sdr-miu006796191</subfield></datafield><datafield tag="040" ind1=" " ind2=" "><subfield code="a">MiU</subfield><subfield code="c">MiU</subfield><subfield code="e">amremm</subfield></datafield><datafield tag="043" ind1=" " ind2=" "><subfield code="a">n-us-mi</subfield></datafield><datafield tag="130" ind1="0" ind2=" "><subfield code="6">880-01</subfield><subfield code="a">Koran.</subfield><subfield code="k">Selections</subfield></datafield><datafield tag="245" ind1="1" ind2="0"><subfield code="6">880-03</subfield><subfield code="a">[Majmūʻat suwar min al-Qurʼān,</subfield><subfield code="f">late 15th or early 16th century].</subfield></datafield><datafield tag="260" ind1=" " ind2=" "><subfield code="a">[Herat?,</subfield><subfield code="c">1475-1525?].</subfield></datafield><datafield tag="300" ind1=" " ind2=" "><subfield code="a">24 leaves :</subfield><subfield code="b">paper ;</subfield><subfield code="c">233 x 163 mm.</subfield></datafield><datafield tag="500" ind1=" " ind2=" "><subfield code="a">Shelfmark: Ann Arbor, University of Michigan, Special Collections Library, Isl. Ms. 231</subfield></datafield><datafield tag="500" ind1=" " ind2=" "><subfield code="a">Origin: Lacks dated colophon ; decoration and calligraphy reminiscent of the Timurid style characteristic of late 15th century Herat ; paper would also suggest late 15th or possibly early 16th century ; binding would suggest 16th century.</subfield></datafield><datafield tag="500" ind1=" " ind2=" "><subfield code="a">Former shelfmark: "224 T. De M. [i.e. Tammaro De Marinis]" inscribed in pencil on interior of upper cover ; "196" inscribed in pencil on 'title page' (p.1).</subfield></datafield><datafield tag="500" ind1=" " ind2=" "><subfield code="a">Binding: Pasteboards covered in dark brown leather ; Type II binding (with flap) ; board linings in lined paper pasted over brown leather doublures, likely with leather filigree appliqué, see interior of envelop flap ; upper and lower covers carry large gold-stamped panel stamp (repeated twice to fill the entire area) filled with symmetrical vegetal design incorporating chi clouds, as well as border in a series of lozenge- and rosette-shaped stamps with outermost series of tooled s-shapes ; sewn in red thread, two stations ; overall in somewhat poor condition with lifting and losses of leather, abrasion, staining, etc.</subfield></datafield><datafield tag="500" ind1=" " ind2=" "><subfield code="a">Support: non-European (likely Persian) laid paper with roughly 7 laid lines per cm. (vertical) and sporadic chain lines mainly visible only in short lengths ; thick and sturdy though crisp ; well-sized and burnished ; machine laid paper stabilizing opening leaf carries an embossed mark (or "imitation watermark") reads "اثر جديد عهد همايون".</subfield></datafield><datafield tag="500" ind1=" " ind2=" "><subfield code="a">Decoration: Exquisite illuminated headpiece (ʻunwān / sarlawḥ) at opening on p.2, consisting of rectangular piece with gold cartouche carrying sūrah heading in white and defined by looping white banding (with black crosses) on grounds of gold and lapis lazuli overlaid with swirling vegetal pattern, all bordered in a series of elaborate bands in gold, white, lapis lazuli, black, red, turquoise, etc. ; surmounted by a narrower rectangular panel carrying lozenges filled with delicate vegetal decoration, itself surmounted by an uppermost semi-circular piece (dome) evoking half of an eight-lobed piece (defined by looping white banding) in gold and lapis lazuli with arabesque in turquoise and further swirling vegetal decoration, all surmounted by vertical stalks (tīgh) ; simpler illuminated headpiece consisting of rectangular panel with cartouche carrying the sūrah heading in white on a gold ground flanked by accent pieces in gold and lapis lazuli with swirling vegetal pattern and surrounded by bands of white, gold, blue, red, etc. appears at opening of each sūrah thereafter (p.16, p.28, p.37, and p.43) ; verse dividers in the form of interlace rosettes in gold with black, red, and blue accents appear throughout ; marginal decoration in the form of roundels in blue, green, and gold with "عشر" in white 'Kufic' script (marking every ten verses, though many effaced), other roundels in gold and blue with "خمس" in white (marking every fifth verse, though many effaced) ; written area throughout surrounded by elaborate frame consisting of a series of narrow bands in gold, light blue, dark brown to red, turquoise, and lapis lazuli ; floral decoration in blue, gold, red, and black reminiscent of the central decorative panel and pendants of a book cover flank the centered lines ; upper, middle, and lower large lines chrysographed (vocalization in black).</subfield></datafield><datafield tag="500" ind1=" " ind2=" "><subfield code="a">Script: Fine calligraphic specimen ; elegant Persian hand ; lines in upper and lower panels of each page in muḥaqqaq, line in central panel in thuluth, lines in intermediate panels in naskh, sūrah headings in riqāʻ ; partially seriffed (mainly right-sloping wedge head-serif) ; fully vocalized.</subfield></datafield><datafield tag="500" ind1=" " ind2=" "><subfield code="a">Layout: Written in 9 lines per page with uppermost, middle, and lowermost large lines filling the column width and two sets of three compact lines centered between them ; frame-ruled.</subfield></datafield><datafield tag="500" ind1=" " ind2=" "><subfield code="a">Collation: 3 IV (24) ; exclusively quaternions ; pagination in pencil, Western numerals (supplied during digitization).</subfield></datafield><datafield tag="500" ind1=" " ind2=" "><subfield code="a">Title supplied by cataloguer.</subfield></datafield><datafield tag="500" ind1=" " ind2=" "><subfield code="a">Ms. codex.</subfield></datafield><datafield tag="505" ind1="0" ind2=" "><subfield code="a">5. p.43-p.47 : Sūrat al-Nabaʼ.</subfield></datafield><datafield tag="505" ind1="0" ind2=" "><subfield code="a">4. p.37-p.43 : Sūrat al-Mulk.</subfield></datafield><datafield tag="505" ind1="0" ind2=" "><subfield code="a">3. p.28-p.36 : Sūrat al-Wāqiʻah.</subfield></datafield><datafield tag="505" ind1="0" ind2=" "><subfield code="a">2. p.16-p.28 : Sūrat al-Fatḥ.</subfield></datafield><datafield tag="505" ind1="0" ind2=" "><subfield code="a">1. p.2-p.16 : Sūrat Yāsīn.</subfield></datafield><datafield tag="510" ind1="4" ind2=" "><subfield code="a">Baker, Colin F. Qur'an manuscripts: calligraphy, illumination, design. (London, 2007),</subfield><subfield code="c">p.74 f.</subfield></datafield><datafield tag="510" ind1="4" ind2=" "><subfield code="a">Déroche, François. "Written transmission." In The Blackwell companion to the Qur'ān. Ed. Andrew Rippin, (Oxford, 2006), pp.172-186,</subfield><subfield code="c">see p.182</subfield></datafield><datafield tag="510" ind1="4" ind2=" "><subfield code="a">Loveday, Helen. Islamic paper: a study of the ancient craft. ([London?], 2001),</subfield><subfield code="c">p.84 f.</subfield></datafield><datafield tag="510" ind1="4" ind2=" "><subfield code="a">Brend, Barbara. "The arts of the book," In R.W. Ferrier, ed. The arts of Persia. (New Haven, CT, 1989),</subfield><subfield code="c">p.237 ; 241</subfield></datafield><datafield tag="520" ind1="8" ind2=" "><subfield code="a">Elegant copy of a selection of sūrahs (suwar) from the Qurʼān, namely Sūrat Yāsīn (36), Sūrat al-Fatḥ (48), Sūrat al-Wāqiʻah (56), Sūrat al-Mulk (67) and Sūrat al-Nabaʼ (78).</subfield></datafield><datafield tag="538" ind1=" " ind2=" "><subfield code="a">Mode of access: Internet.</subfield></datafield><datafield tag="541" ind1=" " ind2=" "><subfield code="c">Purchase ;</subfield><subfield code="a">Acquired by purchase (funds donated by Horace Rackham).</subfield><subfield code="d">1924.</subfield></datafield><datafield tag="546" ind1=" " ind2=" "><subfield code="a">Arabic.</subfield></datafield><datafield tag="561" ind1=" " ind2=" "><subfield code="a">Inscriptions in pencil on interior of upper cover "224 T. De M. [i.e. Tammaro De Marinis]" and 'title page' (p.1) "196" ; several other dated statements in Ottoman Turkish (birth statements, etc., mid-18th to late 19th century) in Ottoman Turkish precede and follow text.</subfield></datafield><datafield tag="650" ind1=" " ind2="0"><subfield code="a">Manuscripts, Arabic</subfield><subfield code="z">Michigan</subfield><subfield code="z">Ann Arbor.</subfield></datafield><datafield tag="650" ind1=" " ind2="0"><subfield code="a">Writing, Arabic</subfield><subfield code="v">Specimens.</subfield></datafield><datafield tag="650" ind1=" " ind2="0"><subfield code="a">Calligraphy, Arabic</subfield><subfield code="v">Specimens.</subfield></datafield><datafield tag="650" ind1=" " ind2="0"><subfield code="a">Islamic calligraphy</subfield><subfield code="v">Specimens.</subfield></datafield><datafield tag="655" ind1=" " ind2="7"><subfield code="a">Headpieces (layout features)</subfield><subfield code="y">15th century.</subfield><subfield code="2">aat</subfield></datafield><datafield tag="700" ind1="0" ind2=" "><subfield code="a">Abdülhamid</subfield><subfield code="b">II,</subfield><subfield code="c">Sultan of the Turks,</subfield><subfield code="d">1842-1918,</subfield><subfield code="e">former owner.</subfield></datafield><datafield tag="740" ind1="0" ind2="2"><subfield code="6">880-08</subfield><subfield code="a">Koran.</subfield><subfield code="p">Sūrat al-Nabaʼ</subfield></datafield><datafield tag="740" ind1="0" ind2="2"><subfield code="6">880-07</subfield><subfield code="a">Koran.</subfield><subfield code="p">Sūrat al-Mulk</subfield></datafield><datafield tag="740" ind1="0" ind2="2"><subfield code="6">880-06</subfield><subfield code="a">Koran.</subfield><subfield code="p">Sūrat al-Wāqiʻah</subfield></datafield><datafield tag="740" ind1="0" ind2="2"><subfield code="6">880-05</subfield><subfield code="a">Koran.</subfield><subfield code="p">Sūrat al-Fatḥ</subfield></datafield><datafield tag="740" ind1="0" ind2="2"><subfield code="6">880-04</subfield><subfield code="a">Koran.</subfield><subfield code="p">Sūrat Yāsīn</subfield></datafield><datafield tag="773" ind1="0" ind2=" "><subfield code="a">Abdul Hamid Collection.</subfield></datafield><datafield tag="880" ind1="0" ind2="2"><subfield code="6">740-08/</subfield><subfield code="a">قرآن.</subfield><subfield code="p">سورة النبأ</subfield></datafield><datafield tag="880" ind1="0" ind2="2"><subfield code="6">740-07/</subfield><subfield code="a">قرآن.</subfield><subfield code="p">سورة الملك</subfield></datafield><datafield tag="880" ind1="0" ind2="2"><subfield code="6">740-06/</subfield><subfield code="a">قرآن.</subfield><subfield code="p">سورة الواقعة</subfield></datafield><datafield tag="880" ind1="0" ind2="2"><subfield code="6">740-05/</subfield><subfield code="a">قرآن.</subfield><subfield code="p">سورة الفتح</subfield></datafield><datafield tag="880" ind1="0" ind2="2"><subfield code="6">740-04/</subfield><subfield code="a">قرآن.</subfield><subfield code="p">سورة يس</subfield></datafield><datafield tag="880" ind1="1" ind2="0"><subfield code="6">245-03/</subfield><subfield code="a">[مجموعة سور من القرآن,</subfield><subfield code="f">اواخر القرن 15م او اوائل القرن 16م].</subfield></datafield><datafield tag="880" ind1="0" ind2=" "><subfield code="6">130-01/</subfield><subfield code="a">قرآن.</subfield><subfield code="k">مختارات</subfield></datafield><datafield tag="CID" ind1=" " ind2=" "><subfield code="a">006796191</subfield></datafield><datafield tag="DAT" ind1="0" ind2=" "><subfield code="a">20190719102636.0</subfield><subfield code="b">20190719000000.0</subfield></datafield><datafield tag="DAT" ind1="1" ind2=" "><subfield code="a">20190719090653.0</subfield><subfield code="b">2019-07-19T16:11:17Z</subfield></datafield><datafield tag="DAT" ind1="2" ind2=" "><subfield code="a">2015-10-02T18:00:03Z</subfield></datafield><datafield tag="CAT" ind1=" " ind2=" "><subfield code="a">SDR-MIU</subfield><subfield code="d">EX LIBRIS - ALEPH</subfield><subfield code="l">prepare.pl-004-008</subfield></datafield><datafield tag="FMT" ind1=" " ind2=" "><subfield code="a">BK</subfield></datafield><datafield tag="HOL" ind1=" " ind2=" "><subfield code="0">sdr-miu006796191</subfield><subfield code="a">MiU</subfield><subfield code="b">SDR</subfield><subfield code="c">MIU</subfield><subfield code="p">mdp.39015079126101</subfield><subfield code="s">MIU</subfield><subfield code="1">006796191</subfield></datafield><datafield tag="974" ind1=" " ind2=" "><subfield code="b">MIU</subfield><subfield code="c">MIU</subfield><subfield code="d">20190719</subfield><subfield code="s">lit-dlps-dc</subfield><subfield code="u">mdp.39015079126101</subfield><subfield code="y">1525</subfield><subfield code="r">pd</subfield><subfield code="q">bib</subfield><subfield code="t">non-US bib date2 &lt; 1879</subfield></datafield></record></collection>